<?xml version="1.0" encoding="UTF-8"?><record xmlns="http://www.loc.gov/MARC21/slim" xmlns:cinclude="http://apache.org/cocoon/include/1.0" xmlns:zs="http://www.loc.gov/zing/srw/">
  <leader>00370nz  a2200121n  4500</leader>
  <controlfield tag="001">n  90602121 </controlfield>
  <controlfield tag="003">DLC</controlfield>
  <controlfield tag="005">19900111122254.9</controlfield>
  <controlfield tag="008">900111n| acannaab|          |n aad |||  </controlfield>
  <datafield tag="010" ind1=" " ind2=" ">
    <subfield code="a">n  90602121 </subfield>
  </datafield>
  <datafield tag="040" ind1=" " ind2=" ">
    <subfield code="a">DLC</subfield>
    <subfield code="c">DLC</subfield>
  </datafield>
  <datafield tag="100" ind1="1" ind2="0">
    <subfield code="a">McBee, Stephanie W.</subfield>
  </datafield>
  <datafield tag="670" ind1=" " ind2=" ">
    <subfield code="a">nuc90-2793: Her Florida's small farms ... 1982</subfield>
    <subfield code="b">(hdg. on FU rept.: McBee, Stephanie W.; usage: Stephanie W. McBee)</subfield>
  </datafield>
</record>